<?xml version="1.0" encoding="UTF-8"?><collection xmlns="http://www.loc.gov/MARC21/slim"><record><leader>00385nam--2200145-i-4500</leader><controlfield tag="001">000012977</controlfield><controlfield tag="002">20161230</controlfield><controlfield tag="005">20161230201030</controlfield><controlfield tag="008">060222s1000------------r-----000-0-eng-d</controlfield><datafield ind1=" " ind2=" " tag="100"><subfield code="a">De Boor, Carl</subfield></datafield><datafield ind1=" " ind2=" " tag="245"><subfield code="a">A practical guide to splines</subfield></datafield><datafield ind1=" " ind2=" " tag="260"><subfield code="a">New York, Springer-verlag, 1978</subfield></datafield><datafield ind1=" " ind2=" " tag="490"><subfield code="a">Applied Mathematical Sciences</subfield></datafield><datafield ind1=" " ind2=" " tag="852"><subfield code="a">46915</subfield><subfield code="c">517.9</subfield></datafield><datafield ind1=" " ind2=" " tag="CAT"><subfield code="a">Sys</subfield><subfield code="c">20090304</subfield><subfield code="h">100953</subfield></datafield></record></collection>